@inproceedings{cj,
 author = {Ciaramita, Massimiliano and Johnson, Mark},
 title = {Supersense tagging of unknown nouns in WordNet},
 booktitle = {Proceedings of the 2003 conference on Empirical methods in natural language processing},
 series = {EMNLP '03},
 year = {2003},
 pages = {168--175},
 numpages = {8},
 url = {http://dx.doi.org/10.3115/1119355.1119377},
 doi = {http://dx.doi.org/10.3115/1119355.1119377},
 acmid = {1119377},
 publisher = {Association for Computational Linguistics},
 address = {Stroudsburg, PA, USA},
} 



@inproceedings{curran,
 author = {Curran, James R.},
 title = {Supersense tagging of unknown nouns using semantic similarity},
 booktitle = {Proceedings of the 43rd Annual Meeting on Association for Computational Linguistics},
 series = {ACL '05},
 year = {2005},
 location = {Ann Arbor, Michigan},
 pages = {26--33},
 numpages = {8},
 url = {http://dx.doi.org/10.3115/1219840.1219844},
 doi = {http://dx.doi.org/10.3115/1219840.1219844},
 acmid = {1219844},
 publisher = {Association for Computational Linguistics},
 address = {Stroudsburg, PA, USA},
} 


@inproceedings{erk,
 author = {Erk, Katrin},
 title = {Unknown word sense detection as outlier detection},
 booktitle = {Proceedings of the main conference on Human Language Technology Conference of the North American Chapter of the Association of Computational Linguistics},
 series = {HLT-NAACL '06},
 year = {2006},
 location = {New York, New York},
 pages = {128--135},
 numpages = {8},
 url = {http://dx.doi.org/10.3115/1220835.1220852},
 doi = {http://dx.doi.org/10.3115/1220835.1220852},
 acmid = {1220852},
 publisher = {Association for Computational Linguistics},
 address = {Stroudsburg, PA, USA},
} 



@inproceedings{widdows,
 author = {Widdows, Dominic},
 title = {Unsupervised methods for developing taxonomies by combining syntactic and statistical information},
 booktitle = {Proceedings of the 2003 Conference of the North American Chapter of the Association for Computational Linguistics on Human Language Technology - Volume 1},
 series = {NAACL '03},
 year = {2003},
 location = {Edmonton, Canada},
 pages = {197--204},
 numpages = {8},
 url = {http://dx.doi.org/10.3115/1073445.1073481},
 doi = {http://dx.doi.org/10.3115/1073445.1073481},
 acmid = {1073481},
 publisher = {Association for Computational Linguistics},
 address = {Stroudsburg, PA, USA},
} 




@inproceedings{ciaramita-altun,
 author = {Ciaramita, Massimiliano and Altun, Yasemin},
 title = {Broad-coverage sense disambiguation and information extraction with a supersense sequence tagger},
 booktitle = {Proceedings of the 2006 Conference on Empirical Methods in Natural Language Processing},
 series = {EMNLP '06},
 year = {2006},
 isbn = {1-932432-73-6},
 location = {Sydney, Australia},
 pages = {594--602},
 numpages = {9},
 url = {http://portal.acm.org/citation.cfm?id=1610075.1610158},
 acmid = {1610158},
 publisher = {Association for Computational Linguistics},
 address = {Stroudsburg, PA, USA},
} 



@inproceedings{bollegala,
  address = {New York, NY, USA},
  author = {Danushka Bollegala and Yutaka Matsuo and Mitsuru Ishizuka},
  booktitle = {WWW '07: Proceedings of the 16th international conference on World Wide Web},
  interhash = {46247eb09b5e87a6e5d4a8b2cf821ee7},
  intrahash = {c957aa2fd65df63c8c4af14b1fc827c5},
  pages = {757--766},
  publisher = {ACM},
  title = {Measuring semantic similarity between words using web search engines},
  url = {http://www2007.org/papers/paper632.pdf},
  year = 2007,
  timestamp = {2011-01-28T11:32:37.000+0100},
  keywords = {words terms similarity semantic web toread search_engine},
  added-at = {2011-01-28T11:32:37.000+0100},
  location = {Banff, Alberta, Canada},
  description = {Measuring semantic similarity between words using web search engines},
  file = {:bollegala2007measuring.pdf:PDF},
  isbn = {978-1-59593-654-7},
  biburl = {http://www.bibsonomy.org/bibtex/2c957aa2fd65df63c8c4af14b1fc827c5/dbenz},
  doi = {http://doi.acm.org/10.1145/1242572.1242675}
}


@Book{wordnet,
    title = {WordNet: An Electronic Lexical Database},
    author = {Christiane Fellbaum},
    year = {1998},
    publisher = {Bradford Books},
  }






